@Article{Kojic:Bathe:1987,
  author = 	 {Kojic, M. and K.~J. Bathe},
  title = 	 {The 'Effective Stress-Function' Algorithm for
                  Thermo-Elasto-Plasticity and Creep},
  journal = 	 {Int. J. Num. Meth. Eng.},
  year = 	 {1987},
  volume = 	 {24},
  pages = 	 {1509--1532},
}

