@string{SRL = "Seismological Research Letters"}
@string{GRL = "Geophysical Research Letters"}
@string{BSSA = "Bulletin of the Seismological Society of America"}
@string{PAGEOPH = "Pure and Applied Geophysics"}
@string{JGR = "Journal of Geophysical Research"}
@string{JGR-SE = "Journal of Geophysical Research - Solid Earth"}
@string{GJI = "Geophysical Journal International"}
@string{G3 = "Geochemistry, Geophysics, Geosystems"}

@Article{Aagaard:etal:2001a,
  author = 	 {Aagaard, Brad T. and Hall, John F. and Heaton, Thomas H.},
  title = 	 {Characterization of Near-Source Ground Motions with
                  Earthquake Simulations},
  journal = 	 {Earthquake Spectra},
  year = 	 2001,
  volume = 	 17,
  number = 	 2,
  pages = 	 {177--207},
  month = 	 may,
}

@Article{Aagaard:etal:2001b,
  author = 	 {Aagaard, Brad T. and Heaton, Thomas H. and Hall, John F.},
  title = 	 {Dynamic earthquake ruptures in the presence of lithostatic normal stresses: Implications for Friction Models and Heat Production},
  journal = 	 BSSA,
  year = 	 2001,
  volume = 	 91,
  number = 	 6,
  pages = 	 {1765--1796},
  month = 	 dec
}

@InProceedings{Aagaard:etal:2007,
  author = 	 {Aagaard, B. and Williams, C. and Knepley, M.},
  title = 	 {PyLith: A finite-element code for modeling quasistatic and dynamic crustal deformation},
  booktitle = {Eos Trans. Fall Meet. Suppl.},
  year = 	 2007,
  volume = 	 88,
  number = 	 52,
  publisher = {AGU},
  note = 	 {Abstract T21B-0592}
}

@InProceedings{Aagaard:etal:2008,
  author = 	 {Aagaard, B. and Williams, C. and Knepley, M.},
  title = 	 {PyLith: A finite-element code for modeling quasistatic and dynamic crustal deformation},
  booktitle = {Eos Trans. Fall Meet. Suppl.},
  year = 	 2008,
  volume = 	 89,
  number = 	 53,
  publisher = {AGU},
  note = 	 {Abstract T41A-1925}
}

@Book{Bathe:1995,
  author = 	 {Bathe, K.-J.},
  title = 	 {Finite-Element Procedures},
  publisher = 	 {Prentice Hall},
  year = 	 {1995},
  address = 	 {Upper Saddle River, New Jersey},
  note = 	 {1037 pp.},
}

@article{Ben-Zion:Rice:1997,
  author =	 {Ben-Zion, Y. and Rice, J.~R.},
  title =	 {Dynamic simulations of slip on a smooth fault in an elastic solid},
  journal =	 JGR,
  year =	 1997,
  month =	 aug # {~10},
  volume =	 102,
  number =	 {B8},
  pages =	 {17771--17784},
}

@article{Brune:1970,
  author =	 {Brune, James N.},
  title =	 {Tectonic stress and spectra of seismic shear waves from earthquakes},
  journal =	 JGR,
  year =	 1970,
  volume =	 75,
  month =	 sep # {~10},
  pages =	 {4997--5009},
}

@article{Courant:etal:1967,
  author = {Courant, R. and Friedrichs, K. and Lewy, H.},
  title = {On the Partial Difference Equations of Mathematical Physics},
  journal = {IBM Journal of Research and Development},
  volume = {11},
  number = {2},
  year = 1967,
  month = mar,
  pages = {215--234},
  note = {English translation of the original 1928 paper published in {\it Mathematische Annalen}}
}

@Article{Day:Ely:2002,
  author = 	 {Day, S.~M. and Ely, G.~P.},
  title = 	 {Effect of a shallow weak zone on fault rupture: Numerical simulation of scale-model experiments},
  journal = 	 BSSA,
  year = 	 {2002},
  volume = 	 {92},
  number = 	 {8},
  pages = 	 {3022--3041},
  doi = 	 {10.1785/0120010273}
}

@Article{Drucker:Prager:1952,
  author = 	 {Drucker, D.~C. and Prager, W.},
  title = 	 {Soil mechanics and plastic analysis for limit design},
  journal = 	 {Quarterly of Applied Mathematics},
  year = 	 {1952},
  volume = 	 {10},
  pages = 	 {157--165},
}

@Book{Cotter:Ham:FEM:2023,
author = {Cotter, Colin and Ham, David},
title = {Finite Elements analysis and implementation},
url = {https://finite-element.github.io/},
publisher = {Imperial College},
address = {London},
year = 2023
}

@Book{Farrell:FEM:2021,
author = {Farrell, Patrick E.},
title = {Finite Element Methods for PDEs},
url = {https://people.maths.ox.ac.uk/farrellp/femvideos/notes.pdf},
publisher = {Oxford},
year = 2021,
}


@Article{Hayes:etal:2012,
  author = 	 {Hayes, G.~P.,  and Wald, D.~J. and Johnson, R.~L.},
  title = 	 {Slab1.0: A three-dimensional model of global subduction zone geometries},
  journal = 	 JGR,
  year = 	 {2012},
  volume = 	 {117},
  number = 	 {B01302},
  doi = 	 {10.1029/2011JB008524}
}

@Article{Kaneko:etal:2008,
  author =       {Kaneko, Y. and Lapusta, N. and Ampuero, J.-P.},
  title =        {Spectral element modeling of spontaneous earthquake rupture on rate and state faults: {Effect} of velocity-strengthening friction at shallow depths},
  journal =      JGR,
  year =         {2008},
  volume =       {113},
  number =        {B09317},
  doi =          {10.1029/2007JB005553}
}

@Article{Kaus:etal:2010,
  author = 	 {Kaus, B.~J.~P. and Muhlhaus, H. and May, D.~A.},
  title = 	 {A stabilization algorithm for geodynamic numerical simulations with a free surface},
  journal = 	 {Physics of the Earth and Planetary Interiors},
  year = 	 {2010},
  volume = 	 {181},
  pages = 	 {12--20},
  doi = 	 {10.1016/j.pepi.2010.04.007}
}

@Article{Kirby:Kronenberg:1987,
  author = 	 {Kirby, S.~H. and Kronenberg, A.~K.},
  title = 	 {Rheology of the lithosphere: Selected topics},
  journal = 	 {Reviews of Geophysics},
  year = 	 {1987},
  volume = 	 {25},
  pages = 	 {1219--1244},
}

@Article{Knopoff:Ni:2001,
  author = 	 {Knopoff, L. and Ni, X.~X.},
  title = 	 {Numerical instability at the edge of a dynamic fracture},
  journal = 	 GJI,
  year = 	 {2001},
  volume = 	 {147},
  number = 	 {3},
  pages = 	 {1--6},
  doi = 	 {10.1046/j.1365-246x.2001.01567.x}
}

@Article{Kojic:Bathe:1987,
  author = 	 {Kojic, M. and Bathe, K.-J. },
  title = 	 {The `Effective Stress-Function' Algorithm for Thermo-Elasto-Plasticity and Creep},
  journal = 	 {Int. J. Num. Meth. Eng},
  year = 	 {1987},
  volume = 	 {24},
  pages = 	 {1509--1532},
}

@Article{Liu:etal:2006,
  author = 	 {Liu, P. and Archuleta, R.~J. and Hartzell, S.~H.},
  title = 	 {Prediction of Broadband Ground-Motion Time Histories: {Hybrid} Low/High- Frequency Method with Correlated Random Source Parameters},
  journal = 	 BSSA,
  year = 	 {2006},
  volume = 	 {96},
  number =       {6},
  pages = 	 {2118--2130},
  month = 	 dec,
  doi = 	 {10.1785/0120060036},
}

@Article{McGarr:1988,
  author = 	 {McGarr, A.},
  title = 	 {On the state of lithospheric stress in the absence of applied tectonic forces},
  journal = 	 JGR,
  year = 	 {1988},
  volume = 	 {93},
  pages = 	 {13,609--13,617},
}

@Book{Menke:1984,
  ALTauthor = 	 {Menke, W. },
  ALTeditor = 	 {},
  title = 	 {Geophysical Data Analysis: Discrete Inverse Theory},
  publisher = 	 {Academic Press, Inc.,},
  year = 	 {1984},
  address = 	 {Orlando},
  note = 	 {260 pp.},
}


@Article{Okada:1992,
  author = 	 {Okada, Y.},
  title = 	 {Internal deformation due to shear and tensile faults in a half-space},
  journal = 	 BSSA,
  year = 	 {1992},
  volume = 	 {82},
  number = 	 {2},
  pages = 	 {1018--1040},
}

@Book{Paterson:1994,
  author = 	 {Paterson, W. S. B.},
  title = 	 {The Physics of Glaciers},
  publisher = 	 {Elsevier Science Ltd.},
  year = 	 {1994},
  address = 	 {Oxford},
  edition = 	 {Third Edition},
  note = 	 {480 pp.},
}

@Article{Prentice:1968,
  author = 	 {Prentice, J.~H.},
  title = 	 {Dimensional problem of the power law in rheology},
  journal = 	 {Nature},
  year = 	 {1968},
  volume = 	 {217},
  pages = 	 {157},
  doi = 	 {10.1038/217157a0}
}

@Article{Saad:Schultz:1986,
  author = 	 {Saad, Y. and Schultz, M.~H.},
  title = 	 {{GMRES}: A Generalized Minimal Residual Algorithm for Solving Nonsymmetric Linear Systems},
  journal = 	 {{SIAM} Journal on Scientific and Statistical Computing},
  year = 	 {1986},
  volume = 	 {7},
  number = {3},
  pages = 	 {856--869},
  doi = {10.1137/0907058},
}

@Article{Savage:Prescott:1978,
  author = 	 {Savage, J.~C. and Prescott, W.~H.},
  title = 	 {Asthenosphere readjustment and the earthquake cycle},
  journal = 	 JGR,
  year = 	 {1978},
  volume = 	 {83},
  pages = 	 {3369--3376},
}

@TechReport{Stephenson:2007,
  author = 	 {Stephenson, W.~J.},
  title = 	 {Velocity and density models incorporating the {Cascadia} subduction zone for {3D} earthquake ground motion simulations, {Version} 1.3},
  institution =  {U.S. Geological Survey},
  year = 	 {2007},
  key = 	 {},
  type = 	 {Open-File Report},
  number = 	 {2007-1348},
  note = 	 {24 pp.},
  annot =        {https://pubs.usgs.gov/of/2007/1348/},
}

@Manual{Taylor:2003,
  author = 	 {Taylor, R.~L.},
  title = 	 {FEAP--A Finite Element Analysis Program},
  year = 	 {2003},
  edition = 	 {Version 7.5 Theory Manual},
  note = 	 {154 pp.},
}

@Book{Timoshenko:Goodier:1987,
  author = 	 {Timoshenko, S.~P. and Goodier, J.~N.},
  title = 	 {Theory of Elasticity},
  publisher = 	 {McGraw-Hill},
  year = 	 {1987},
  address = 	 {New York},
  edition = 	 {Third Edition},
  note = 	 {567 pp.},
}

@InProceedings{Williams:2006,
  author = 	 {Williams, C.~A.},
  title = 	 {Development of a package for modeling stress in the lithosphere},
  booktitle = {Eos Trans. Jt. Assem. Suppl.},
  year = 	 {2006},
  volume = 	 {87},
  number = 	 {36},
  publisher = {AGU},
  note = 	 {Abstract T24A-01 Invited},
}

@InProceedings{Williams:etal:2005,
  author = 	 {Williams, C.~A. and Aagaard, B. and Knepley, M.~G.},
  title = 	 {Development of software for studying earthquakes across multiple spatial and temporal scales by
  coupling quasistatic and dynamic simulations},
  booktitle = {Eos Trans. Fall Meet. Suppl.},
  year = 	 {2005},
  volume = 	 {86},
  number = 	 {52},
  publisher = {AGU},
  note = 	 {Abstract S53A-1072},
}

@Book{Zienkiewicz:Taylor:2000,
  author = 	 {Zienkiewicz, O.C. and R.L. Taylor},
  title = 	 {The Finite Element Method},
  publisher = 	 {Butterworth-Heinemann},
  year = 	 {2000},
  volume = 	 {Volume 2: Solid Mechanics},
  address = 	 {Oxford},
  edition = 	 {Fifth Edition},
}
